<?xml version="1.0" encoding="UTF-8"?><record xmlns="http://www.loc.gov/MARC21/slim" xmlns:cinclude="http://apache.org/cocoon/include/1.0" xmlns:zs="http://www.loc.gov/zing/srw/">
  <leader>00889cz  a2200193n  4500</leader>
  <controlfield tag="001">n  87836693 </controlfield>
  <controlfield tag="003">DLC</controlfield>
  <controlfield tag="005">20060314141329.0</controlfield>
  <controlfield tag="008">880614n| acannaabn          |a aaa      </controlfield>
  <datafield tag="010" ind1=" " ind2=" ">
    <subfield code="a">n  87836693 </subfield>
  </datafield>
  <datafield tag="040" ind1=" " ind2=" ">
    <subfield code="a">DLC</subfield>
    <subfield code="c">DLC</subfield>
    <subfield code="d">DLC</subfield>
  </datafield>
  <datafield tag="100" ind1="1" ind2=" ">
    <subfield code="a">Fong, Hiram,</subfield>
    <subfield code="d">1907-2004</subfield>
  </datafield>
  <datafield tag="400" ind1="1" ind2=" ">
    <subfield code="a">KĘťuang, Yu-liang,</subfield>
    <subfield code="d">1907-2004</subfield>
  </datafield>
  <datafield tag="400" ind1="1" ind2=" ">
    <subfield code="w">nnaa</subfield>
    <subfield code="a">Fong, Hiram</subfield>
  </datafield>
  <datafield tag="400" ind1="1" ind2=" ">
    <subfield code="a">Kuang, Youliang,</subfield>
    <subfield code="d">1907-2004</subfield>
  </datafield>
  <datafield tag="400" ind1="1" ind2=" ">
    <subfield code="a">Fong, Yau Leong,</subfield>
    <subfield code="d">1907-2004</subfield>
  </datafield>
  <datafield tag="670" ind1=" " ind2=" ">
    <subfield code="a">NUCMC data from Univ. of Virginia Lib. for Scott, H. Papers, 1941-1983</subfield>
    <subfield code="b">(Fong, Hiram L., 1907- )</subfield>
  </datafield>
  <datafield tag="670" ind1=" " ind2=" ">
    <subfield code="a">LC manual auth. cd.</subfield>
    <subfield code="b">(hdg.: Fong, Hiram; U.S. Sen. from Hawaii; Hiram Leong Fong; also K'uang Yu-liang)</subfield>
  </datafield>
  <datafield tag="670" ind1=" " ind2=" ">
    <subfield code="a">Wikipedia WWW site, June 23, 2005</subfield>
    <subfield code="b">(under Hiram Fong: Hiram Leong Fong (Kuang Youliang [in rom.]), formally Yau Leong Fong; b. October 15, 1906, Kalihi, Honolulu; d. Aug. 18, 2004; Republican senator from Hawaii, 1959-1977)</subfield>
  </datafield>
</record>